<record><leader>00000cas a22000007a 4500</leader><controlfield tag="001">25902012</controlfield><controlfield tag="008">920528d19271928wyuwr ne      0    0eng d</controlfield><datafield ind1=" " ind2=" " tag="010"><subfield code="a">sn 92067082 </subfield></datafield><datafield ind1=" " ind2=" " tag="040"><subfield code="a">NVO</subfield><subfield code="b">eng</subfield><subfield code="c">NVO</subfield><subfield code="d">OCL</subfield><subfield code="d">OCLCQ</subfield></datafield><datafield ind1=" " ind2=" " tag="042"><subfield code="a">msc</subfield></datafield><datafield ind1="0" ind2="4" tag="245"><subfield code="a">The Dubois guide.</subfield></datafield><datafield ind1="1" ind2="3" tag="246"><subfield code="a">Guide</subfield><subfield code="f">Sept. 1-29, 1927</subfield></datafield><datafield ind1=" " ind2=" " tag="260"><subfield code="a">Dubois, Fremont County, Wyo. :</subfield><subfield code="b">J. Long.</subfield></datafield><datafield ind1=" " ind2=" " tag="300"><subfield code="a">v.</subfield></datafield><datafield ind1=" " ind2=" " tag="310"><subfield code="a">Weekly</subfield></datafield><datafield ind1="0" ind2=" " tag="362"><subfield code="a">Vol. 1, no. 23 (Feb. 10, 1927)-v. 2, no. 24 (Feb. 16, 1928).</subfield></datafield><datafield ind1=" " ind2=" " tag="580"><subfield code="a">Issues for Sept. 1927 are called : The Guide.</subfield></datafield><datafield ind1=" " ind2="4" tag="651"><subfield code="a">Dubois (Wyo.)</subfield><subfield code="v">Newspapers.</subfield></datafield><datafield ind1=" " ind2="4" tag="651"><subfield code="a">Fremont County (Wyo.)</subfield><subfield code="v">Newspapers.</subfield></datafield><datafield ind1=" " ind2=" " tag="752"><subfield code="a">United States</subfield><subfield code="b">Wyoming</subfield><subfield code="c">Fremont</subfield><subfield code="d">Dubois.</subfield></datafield><datafield ind1="0" ind2="0" tag="780"><subfield code="t">Dubois dude wrangler</subfield><subfield code="w">(DLC)sn 92067083</subfield></datafield><datafield ind1="0" ind2="0" tag="785"><subfield code="t">Fremont County independent and Dubois guide</subfield><subfield code="w">(DLC)sn 92067081</subfield></datafield><datafield ind1="1" ind2=" " tag="029"><subfield code="a">AU@</subfield><subfield code="b">000026147649</subfield></datafield></record>